@book{pw_optionpricing_1994,
  author    = "Paul Wilmott and Jeff Dewynne and Sam Howison",
  title     = "Option pricing: Mathematical models and computation",
  year      = "1994",
  publisher = "Oxford Financial Press"
}

@book{pw_mathfinderiv_1995,
  author    = "Paul Wilmott and Sam Howison and Jeff Dewynne",
  title     = "The mathematics of financial derivatives",
  year      = "1995",
  publisher = "Cambridge University Press"
}

@book{pw_derivatives_1998,
  author    = "Paul Wilmott",
  title     = "Derivatives: the theory and practice of financial engineering",
  year      = "1998",
  publisher = "John Wiley \& Sons Ltd"
}

@book{pw_poqf2ed_2006,
  author    = "Paul Wilmott",
  title     = "Paul Wilmott on Quantitative Finance",
  year      = "2006",
  publisher = "John Wiley \& Sons Ltd"
}

@book{pw_iqf2ed_2007,
  author    = "Paul Wilmott",
  title     = "Introduces Quantitative Finance",
  year      = "2007",
  publisher = "John Wiley \& Sons Ltd"
}

@book{ch_ofd9ed_2015,
  author    = "John C. Hull",
  title     = "Options, futures, and other derivatives",
  year      = "2015",
  publisher = "Pearson"
}

@book{mg_nmof_2019,
  author    = "Manfred Gilli and Dietmar Maringer and Enrico Schumann",
  title     = "Numerical Methods and Optimization in Finance",
  year      = "2019",
  publisher = "Academic Press"
}

@book{sjt_mfts2ed_1986,
  author    = "Stephen J. Taylor",
  title     = "Modelling Financial Time Serices, Second Edition",
  year      = "1986",
  publisher = "World Scientific"
}

@inproceedings{sm_introsde_2010,
  title   = {An introduction to SDE simulation},
  author  = {Simon J. A. Malham and Anke Wiese},
  year    = {2010}
}

@inproceedings{gm_numericalsde_1994,
  title  = {Numerical Integration of Stochastic Differential Equations},
  author = {G. N. Milstein},
  year   = {1994}
}

@inproceedings{platen_numericalsde_1977,
  title  = {Numerical Solution of Stochastic Differential Equations},
  author = {Peter E. Kloeden and Eckhard Platen},
  year   = {1977}
}

@inproceedings{hg_sdematlab_2006,
  title  = {SDELab: stochastic differential equations with MATLAB},
  author = {Hagen Gilsing and Tony Shardlow},
  year   = {2006}
}

@article{cox_optionpricing_1979,
  title   = {Option pricing: a simplified approach},
  author  = {J.C. Cox and S. Ross and M. Rubinstein},
  journal = {Journal of Financial Economics},
  year    = {1979},
  volume  = {7},
  pages   = {229-263}
}

@article{dh_introsde_2001,
  title   = {An Algorithmic Introduction to Numerical Simulation of Stochastic Differential Equations},
  author  = {Desmond J. Higham},
  journal = {SIAM Review},
  year    = {2001},
  volume  = {43},
  pages   = {525-546}
}

@article{mb_numericalsde_2018,
  title   = {Numerical methods for simulation of stochastic differential equations},
  author  = {Mustafa Bayram and Tugcem Partal and Gulsen Orucova Buyukoz},
  journal = {Advances in Difference Equations},
  year    = {2018},
  volume  = {2018},
  pages   = {1-10}
}

@article{ja_bsderivation_1998,
  title   = {Eight valuation methods in financial mathematics: the Blackâ€“Scholes formula as an example},
  author  = {Jesper Andreasen and Bjarke Jensen and Rolf Poulson},
  journal = {Mathematical Scientist},
  year    = {1998},
  volume  = {23},
  pages   = {18-40}
}



